@inproceedings{fresk2013full,
  title={Full quaternion based attitude control for a quadrotor},
  author={Fresk, Emil and Nikolakopoulos, George},
  booktitle={2013 European control conference (ECC)},
  pages={3864--3869},
  year={2013},
  organization={IEEE}
}

@book{taylor2017introduction,
  title={Introduction to rocket science and engineering},
  author={Taylor, Travis S},
  year={2017},
  publisher={CRC Press}
}

@book{de2012spacecraft,
  title={Spacecraft dynamics and control: an introduction},
  author={De Ruiter, Anton H and Damaren, Christopher and Forbes, James R},
  year={2012},
  publisher={John Wiley \& Sons}
}

@article{wang2014flight,
  title={Flight dynamics modeling of coaxial rotorcraft UAVs},
  author={Wang, Fei and Cui, Jinqiang and Chen, Ben M and Lee, Tong H},
  journal={Handbook of Unmanned Aerial Vehicles},
  pages={1217--1256},
  year={2014},
  publisher={Springer}
}

@book{sutton2016rocket,
  title={Rocket propulsion elements},
  author={Sutton, George P and Biblarz, Oscar},
  year={2016},
  publisher={John Wiley \& Sons}
}

@book{hu2015fundamental,
  title={Fundamental spacecraft dynamics and control},
  author={Hu, Weiduo},
  year={2015},
  publisher={John Wiley \& Sons}
}

@article{madgwick2010efficient,
  title={An efficient orientation filter for inertial and inertial/magnetic sensor arrays},
  author={Madgwick, Sebastian},
  journal={Report x-io and University of Bristol (UK)},
  volume={25},
  pages={113--118},
  year={2010}
}

@article{patonis2018fusion,
  title={A fusion method for combining low-cost IMU/magnetometer outputs for use in applications on mobile devices},
  author={Patonis, Photis and Patias, Petros and Tziavos, Ilias N and Rossikopoulos, Dimitrios and Margaritis, Konstantinos G},
  journal={Sensors},
  volume={18},
  number={8},
  pages={2616},
  year={2018},
  publisher={Multidisciplinary Digital Publishing Institute}
}

@article{cirillo2016comparison,
  title={A comparison of multisensor attitude estimation algorithms},
  author={Cirillo, A and Cirillo, P and De Maria, G and Natale, C and Pirozzi, S and Fourati, H and Belkhiat, DEC},
  journal={Multisensor Attitude Estimation: Fundamental Concepts and Applications},
  pages={529--539},
  year={2016},
  publisher={CRC Press}
}

@book{hobbs2010basics,
  title={Basics of missile guidance and space techniques},
  author={Hobbs, Marvin},
  year={2010},
  publisher={Wildside Press LLC}
}

@book{zarchan2012tactical,
  title={Tactical and strategic missile guidance},
  author={Zarchan, Paul},
  year={2012},
  publisher={American Institute of Aeronautics and Astronautics, Inc.}
}

@incollection{lawrence1998gyro,
  title={Gyro and Accelerometer Errors and Their Consequences},
  author={Lawrence, Anthony},
  booktitle={Modern Inertial Technology},
  pages={25--42},
  year={1998},
  publisher={Springer}
}

@article{kok2017using,
  title={Using inertial sensors for position and orientation estimation},
  author={Kok, Manon and Hol, Jeroen D and Sch{\"o}n, Thomas B},
  journal={arXiv preprint arXiv:1704.06053},
  year={2017}
}

@article{barshan1995inertial,
  title={Inertial navigation systems for mobile robots},
  author={Barshan, Billur and Durrant-Whyte, Hugh F},
  journal={IEEE transactions on robotics and automation},
  volume={11},
  number={3},
  pages={328--342},
  year={1995},
  publisher={IEEE}
}

@inproceedings{euston2008complementary,
  title={A complementary filter for attitude estimation of a fixed-wing UAV},
  author={Euston, Mark and Coote, Paul and Mahony, Robert and Kim, Jonghyuk and Hamel, Tarek},
  booktitle={2008 IEEE/RSJ international conference on intelligent robots and systems},
  pages={340--345},
  year={2008},
  organization={IEEE}
}

@book{santos2001dinamica,
  title={Din{\^a}mica de sistemas mec{\^a}nicos: modelagem, simula{\c{c}}{\~a}o, visualiza{\c{c}}{\~a}o, verifica{\c{c}}{\~a}o},
  author={Santos, Ilmar Ferreira},
  year={2001},
  publisher={Makron}
}

@TechReport{UCAM-CL-TR-696,
  author =	 {Woodman, Oliver J.},
  title = 	 {{An introduction to inertial navigation}},
  year = 	 2007,
  month = 	 aug,
  url = 	 {https://www.cl.cam.ac.uk/techreports/UCAM-CL-TR-696.pdf},
  institution =  {University of Cambridge, Computer Laboratory},
  number = 	 {UCAM-CL-TR-696}
}

@book{desrochers2012intelligent,
  title={Intelligent robotic systems for space exploration},
  author={Desrochers, Alan A},
  volume={168},
  year={2012},
  publisher={Springer Science \& Business Media}
}


@ARTICLE{4104344,
  author={M. H. {Ang} and V. D. {Tourassis}},
  journal={IEEE Transactions on Aerospace and Electronic Systems}, 
  title={Singularities of Euler and Roll-Pitch-Yaw Representations}, 
  year={1987},
  volume={AES-23},
  number={3},
  pages={317-324},
  doi={10.1109/TAES.1987.310828}}
  
 @misc{CopSub2020,
 author = {Copenhagen Suborbitals},
 year = {2020},
 title = {DIY Drone to Test ROCKET GUIDANCE | INSIDE THE ROCKETSHOP: Episode 26},
 url = {https://www.youtube.com/watch?v=zeWK774hlQo&t=119s&ab_channel=CopenhagenSuborbitals},
 urldate = {2020-12-08}
}

@article{victors_1997, url={http://afmissileers.com/newsletters/NL1997/Dec97.pdf}, 
number={Volume 5, Number 4}, journal={Association of Air Force Missileers}, 
year={1997}, 
pages={6}
}

@book{wertz2012spacecraft,
  title={Spacecraft attitude determination and control},
  author={Wertz, James R},
  volume={73},
  year={2012},
  publisher={Springer Science \& Business Media}
}

@book{junkins2009analytical,
  title={Analytical mechanics of space systems},
  author={Junkins, John L and Schaub, Hanspeter},
  year={2009},
  publisher={American Institute of Aeronautics and Astronautics}
}

@ARTICLE{1273571,
  author={D. A. {Smallwood} and L. L. {Whitcomb}},
  journal={IEEE Journal of Oceanic Engineering},
  title={Model-based dynamic positioning of underwater robotic vehicles: theory and experiment}, 
  year={2004},
  volume={29},
  number={1},
  pages={169-186},
  doi={10.1109/JOE.2003.823312}}
  
  @book{yanushevsky2018modern,
  title={Modern missile guidance},
  author={Yanushevsky, Rafael},
  year={2018},
  publisher={CRC Press}
}

@misc{SensorFusion,
  author = {Robson Oliveira dos Santos},
  title = {SensorFusion},
  year = {2020},
  publisher = {GitHub},
  journal = {GitHub repository},
  howpublished = {\url{https://github.com/aster94/SensorFusion}},
  commit = {4f57d6a0e4c030202a07a60bc1bb1ed1544bf679}
}

@book{preumont2018vibration,
  title={Vibration control of active structures: an introduction},
  author={Preumont, Andr{\'e}},
  volume={246},
  year={2018},
  publisher={Springer}
}
